<?xml version="1.0" encoding="UTF-8"?><record xmlns="http://www.loc.gov/MARC21/slim" xmlns:cinclude="http://apache.org/cocoon/include/1.0" xmlns:zs="http://www.loc.gov/zing/srw/">
  <leader>01100cz  a2200253n  4500</leader>
  <controlfield tag="001">n  83127811 </controlfield>
  <controlfield tag="003">DLC</controlfield>
  <controlfield tag="005">20080925080032.0</controlfield>
  <controlfield tag="008">830531n| acannaabn          |b aaa      </controlfield>
  <datafield tag="010" ind1=" " ind2=" ">
    <subfield code="a">n  83127811 </subfield>
  </datafield>
  <datafield tag="035" ind1=" " ind2=" ">
    <subfield code="a">(OCoLC)oca00961931</subfield>
  </datafield>
  <datafield tag="040" ind1=" " ind2=" ">
    <subfield code="a">DLC</subfield>
    <subfield code="b">eng</subfield>
    <subfield code="c">DLC</subfield>
    <subfield code="d">DLC</subfield>
    <subfield code="d">DLC-R</subfield>
    <subfield code="d">OCoLC</subfield>
  </datafield>
  <datafield tag="100" ind1="1" ind2=" ">
    <subfield code="a">Shamgar, Meir,</subfield>
    <subfield code="d">1925-</subfield>
  </datafield>
  <datafield tag="400" ind1="1" ind2=" ">
    <subfield code="a">Shṭernberg, Meʼir,</subfield>
    <subfield code="d">1925-</subfield>
  </datafield>
  <datafield tag="400" ind1="1" ind2=" ">
    <subfield code="a">שטרנברג, מאיר</subfield>
  </datafield>
  <datafield tag="400" ind1="1" ind2=" ">
    <subfield code="a">שמגר, מאיר</subfield>
  </datafield>
  <datafield tag="400" ind1="1" ind2=" ">
    <subfield code="a">שמגר, מאיר,</subfield>
    <subfield code="d">1925־</subfield>
  </datafield>
  <datafield tag="400" ind1="1" ind2=" ">
    <subfield code="a">שמגר, מאיר,</subfield>
    <subfield code="d">5291־</subfield>
  </datafield>
  <datafield tag="667" ind1=" " ind2=" ">
    <subfield code="a">Machine-derived non-Latin script reference project.</subfield>
  </datafield>
  <datafield tag="667" ind1=" " ind2=" ">
    <subfield code="a">Non-Latin script references not evaluated.</subfield>
  </datafield>
  <datafield tag="670" ind1=" " ind2=" ">
    <subfield code="a">Military government in the territories administered by Israel, 1967-1980, 1982- (a.e.)</subfield>
    <subfield code="b">v. 1, t.p. (Meir Shamgar)</subfield>
  </datafield>
  <datafield tag="670" ind1=" " ind2=" ">
    <subfield code="a">LC data base, 5-24-83</subfield>
    <subfield code="b">(hdg.: Shamgar, Meir, 1925- )</subfield>
  </datafield>
  <datafield tag="670" ind1=" " ind2=" ">
    <subfield code="a">His Dine tsava, 1963- :</subfield>
    <subfield code="b">v. 3, t.p. (Al. M. Meʼir Shṭernberg, praḳlit tsevaʼi rashi; lect. at Hebr. Univ.)</subfield>
  </datafield>
  <datafield tag="670" ind1=" " ind2=" ">
    <subfield code="a">Sefer Shamgar, 2002-2003:</subfield>
    <subfield code="b">v. 1, added t.p. (M. Shamgar [in rom.]; president of the Supreme Court of Israel, 1983-1995)</subfield>
  </datafield>
</record>